@article{Grzegorczyk1955,
author = {Grzegorczyk, Andrzej},
journal = {Fundamenta Mathematicae},
keywords = {philosophy and foundations of mathematics},
language = {eng},
number = {1},
pages = {168-202},
title = {Computable functionals},
url = {http://eudml.org/doc/213369},
volume = {42},
year = {1955},
}

@article{Grzegorczyk1955,
author = {Grzegorczyk, Andrzej},
journal = {Fundamenta Mathematicae},
keywords = {philosophy and foundations of mathematics},
language = {eng},
number = {2},
pages = {232-239},
title = {On the definition of computable functionals},
url = {http://eudml.org/doc/213380},
volume = {42},
year = {1955},
}

@article{Lacombe1960,
author = {Lacombe, D.},
journal = {Bulletin de la Société Mathématique de France},
keywords = {mathematical logic},
language = {fre},
pages = {393-468},
publisher = {Société mathématique de France},
title = {La théorie des fonctions récursives et ses applications. (Exposé d'information générale)},
url = {http://eudml.org/doc/86991},
volume = {88},
year = {1960},
}
