




@article{doi:10.1080/00031305.1983.10483115,
author = { Tony F.   Chan  and  Gene H.   Golub  and  Randall J.   Leveque },
title = {Algorithms for Computing the Sample Variance: Analysis and Recommendations},
journal = {The American Statistician},
volume = {37},
number = {3},
pages = {242-247},
year = {1983},
doi = {10.1080/00031305.1983.10483115},

URL = { 
        http://amstat.tandfonline.com/doi/abs/10.1080/00031305.1983.10483115
    
},
eprint = { 
        http://amstat.tandfonline.com/doi/pdf/10.1080/00031305.1983.10483115
    
}

}


