@Inbook{Chan1982,
author="Chan, T. F.
and Golub, G. H.
and LeVeque, R. J.",
editor="Caussinus, H.
and Ettinger, P.
and Tomassone, R.",
title="Updating Formulae and a Pairwise Algorithm for Computing Sample Variances",
bookTitle="COMPSTAT 1982 5th Symposium held at Toulouse 1982: Part I: Proceedings in Computational Statistics",
year="1982",
publisher="Physica-Verlag HD",
address="Heidelberg",
pages="30--41",
isbn="978-3-642-51461-6",
doi="10.1007/978-3-642-51461-6_3",
url="http://dx.doi.org/10.1007/978-3-642-51461-6_3"
}

