@article{10.2307/2371045,
 ISSN = {00029327, 10806377},
 URL = {http://www.jstor.org/stable/2371045},
 author = {Alonzo Church},
 journal = {American Journal of Mathematics},
 number = {2},
 pages = {345-363},
 publisher = {Johns Hopkins University Press},
 title = {An Unsolvable Problem of Elementary Number Theory},
 volume = {58},
 year = {1936}
}

