@inbook{Davis1978,
author="Davis, Martin",
editor="Steen, Lynn Arthur",
title="What is a Computation?",
bookTitle="Mathematics Today Twelve Informal Essays",
year="1978",
publisher="Springer New York",
address="New York, NY",
pages="241--267",
isbn="978-1-4613-9435-8",
doi="10.1007/978-1-4613-9435-8_10",
url="http://dx.doi.org/10.1007/978-1-4613-9435-8_10"
}

