
@book{Halmos1958Finite,
  author = {Paul R. Halmos},
year = "1958",
title = {Finite-dimensional Vector Spaces},
publisher = "Van Nostrand",
address = "Princeton, {NJ}"}

@book{Halmos1960Naive,
  author = {Paul R. Halmos},
  isbn = {0387900926},
  publisher = {Van Nostrand},
  title = {Naive Set Theory},
  year = {1960},
  note = {Reprinted by Martino Fine Books, 2011}
}

@article{Halmos1970HowToWrite,
  author = {Paul R. Halmos},
  journal = {L'Enseignement Math{\'e}matique},
  volume = 2,
  number = 16,
  pages = {123--152},
  title = {How to write mathematics},
  year = {1970},
  url = {https://www.math.uh.edu/~tomforde/Books/Halmos-How-To-Write.pdf},
  urldate = {2017-03-24}
}

