@online{wiki:Cubic-hermite-spline,
   author = "{Wikipedia contributors}",
   title = "Cubic Hermite spline",
   year = "2018",
   url = {https://en.wikipedia.org/w/index.php?title=Cubic_Hermite_spline&oldid=864633594},
   urldate = {2018-10-28} }

@online{wiki:Divided-differences,
   author = "{Wikipedia contributors}",
   title = "Divided differences",
   year = "2018",
   url = {https://en.wikipedia.org/w/index.php?title=Divided_differences&oldid=859108438},
   urldate = {2018-10-28} }

@online{wiki:Interpolation,
   author = "{Wikipedia contributors}",
   title = "Interpolation",
   year = "2018",
   url = {https://en.wikipedia.org/w/index.php?title=Interpolation&oldid=861188939},
   urldate = {2018-11-03} }

@online{wiki:Lagrange-polynomial,
   author = "{Wikipedia contributors}",
   title = "Lagrange polynomial",
   year = "2018",
   url = {https://en.wikipedia.org/w/index.php?title=Lagrange_polynomial&oldid=864631885},
   urldate = {2018-10-31} }

@online{wiki:Newton-polynomial,
   author = "{Wikipedia contributors}",
   title = "Newton polynomial",
   year = "2018",
   url = {https://en.wikipedia.org/w/index.php?title=Newton_polynomial&oldid=862710008},
   urldate = {2018-10-31} }

@online{wiki:Polynomial-interpolation,
   author = "{Wikipedia contributors}",
   title = "Polynomial Interpolation",
   year = "2018",
   url = {https://en.wikipedia.org/w/index.php?title=Polynomial_interpolation&oldid=850544207},
   urldate = {2018-11-03} }

