@book{Minsky:1967:CFI:1095587,
 author = {Minsky, Marvin L.},
 title = {Computation: Finite and Infinite Machines},
 year = {1967},
 isbn = {0-13-165563-9},
 publisher = {Prentice-Hall, Inc.},
 address = {Upper Saddle River, NJ, USA},
}