@book{halmos2011naive,
  title={Naive Set Theory},
  author={Halmos, P.R.},
  isbn={9781614271314},
  series={Undergraduate texts in mathematics},
  year={2011},
  publisher={Martino Fine Books}
}
