@book{henle:2012:numbers,
  title={Which Numbers Are Real?},
  author={Michael Henle},
  isbn={9780883857779},
  lccn={2012937493},
  series={Classroom Resource Materials},
  year={2012},
  publisher={Mathematical Association of America}
}

@book{Bridger:2019,
 author = {Mark Bridger},
 title = {Real Analysis: A Constructive Approach Through Interval Arithmetic},
 year = {2019},
 isbn = {1470451441},
 publisher = {American Mathematical Society},
 address = {USA}
}

@misc{ wiki:ConstructiveAnalysis,
    author = "{Wikipedia contributors}",
    title = "Constructive analysis --- {Wikipedia}{,} The Free Encyclopedia",
    year = "2020",
    url = "{https://en.wikipedia.org/w/index.php?title=&oldid=934092515}",
    note = "[Online; accessed 10-January-2020]"
  }

@misc{Lawrence:2017:Rationals,
    author = {Stephen A. Lawrence},
    title = "The Rational Numbers",
    year = "2007",
    url = "{http://www.physicsinsights.org/numbers-rational-1.html}",
    note = "[Online; accessed 2020-01-07]"
  }


@misc{ HaskellCurry:2012:RationalAxioms,
    author = "{Haskell Curry (online name)}",
    title = "Axiomatic characterization of the rational numbers",
    year = "2012",
    url = "{https://math.stackexchange.com/questions/262329/axiomatic-characterization-of-the-rational-numbers}",
    note = "[Online; accessed 2020-01-07]"
  }


@misc{ quora:RationalAxioms,
    author = {Andrew Winkler},
    title = "What are the axioms of rational numbers?",
    year = "2019",
    url = "{https://www.quora.com/What-are-the-axioms-of-rational-numbers}",
    note = "[Online; accessed 2020-01-07]"
  }

  