@book{Petzold:2008:ATG:1391235,
 author = {Petzold, Charles},
 title = {The Annotated Turing: A Guided Tour Through Alan Turing's Historic Paper on Computability and the Turing Machine},
 year = {2008},
 isbn = {0470229055, 9780470229057},
 publisher = {Wiley Publishing},
}