 @book{Cantor:1883:ManifoldInfinity, 
   author = {Cantor, Georg}, 
   title = {{Grundlagen einer Allgemeinen Mannichfaltigkeitslehre -- Ein mathematisch-philosophischer Versuch in der Lehre des Unendlichen}}, 
   publisher = {Commissions-Verlag von B. Teubner}, 
   year = {1883}, 
   address = {Leipzig}, 
   url = {http://digital.slub-dresden.de/werkansicht/dlf/8595/}, 
   quality = {5}, 
   note = {}
 }
@misc{ wiki:ConstructiveSetTheory,
    author = "{Wikipedia contributors}",
    title = "Constructive set theory --- {Wikipedia}{,} The Free Encyclopedia",
    year = "2020",
    url = "{https://en.wikipedia.org/w/index.php?title=Constructive_set_theory&oldid=934792814}",
    note = "[Online; accessed 10-January-2020]"
  }
  
@misc{ wiki:FinitistSetTheory,
    author = "{Wikipedia contributors}",
    title = "Finitist set theory --- {Wikipedia}{,} The Free Encyclopedia",
    year = "2019",
    url = "{https://en.wikipedia.org/w/index.php?title=Finitist_set_theory&oldid=927708802}",
    note = "[Online; accessed 10-January-2020]"
  }
@misc{ wiki:BaireSpace,
    author = "{Wikipedia contributors}",
    title = "Baire space --- {Wikipedia}{,} The Free Encyclopedia",
    year = "2019",
    url = "{https://en.wikipedia.org/w/index.php?title=Baire_space&oldid=925389513}",
    note = "[Online; accessed 23-December-2019]"
  }
@misc{ wiki:BaireCategoryTheorem,
    author = "{Wikipedia contributors}",
    title = "Baire category theorem --- {Wikipedia}{,} The Free Encyclopedia",
    year = "2019",
    url = "{https://en.wikipedia.org/w/index.php?title=Baire_category_theorem&oldid=930048767}",
    note = "[Online; accessed 23-December-2019]"
  }
@misc{ wiki:BaireSpaceSetTheory,
    author = "{Wikipedia contributors}",
    title = "Baire space (set theory) --- {Wikipedia}{,} The Free Encyclopedia",
    year = "2019",
    url = "{https://en.wikipedia.org/w/index.php?title=Baire_space_(set_theory)&oldid=926277252}",
    note = "[Online; accessed 23-December-2019]"
  }
@book{Dauben:1979:Cantor,
    author = {J. W. Dauben},
    publisher = {Princeton University Press},
    year = {1979},
    title = {Georg Cantor: His Mathematics and Philosophy of the Infinite}
}

@incollection{sep:SetTheory,
    author       =  {Bagaria, Joan},
    title        =  {Set Theory},
    booktitle    =  {The Stanford Encyclopedia of Philosophy},
    editor       =  {Edward N. Zalta},
    howpublished =  {\url{https://plato.stanford.edu/archives/fall2019/entries/set-theory/}},
    year         =  {2019},
    edition      =  {Fall 2019},
    publisher    =  {Metaphysics Research Lab, Stanford University}
}
@misc{ eom:AxiomaticSetTheory,
author = {{Encyclopedia of Mathematics}},
    title = "{Axiomatic Set theory --- Encyclopedia of Mathematics}",
    year = "2019",
    url = "{http://www.encyclopediaofmath.org/index.php?title=Set_theory&oldid=35219}",
    note = "[Online; accessed 21-December-2019]"
  }


@misc{ eom:SetTheory,
author = {{Encyclopedia of Mathematics}},
    title = "{Set theory --- Encyclopedia of Mathematics}",
    year = "2019",
    url = "{http://www.encyclopediaofmath.org/index.php?title=Set_theory&oldid=35219}",
    note = "[Online; accessed 21-December-2019]"
  }

@misc{ iep:RussellMyhillParadox,
    author = {Kevin C. Klement},
    title = "{Russell-Myhill Paradox --- Internet Encyclopedia of Philosphy}",
    year = "2020",
    url = "{https://www.iep.utm.edu/par-rusm/}",
    note = "[Online; accessed 2020-01-04]"
  }
@misc{ iep:RussellParadox,
    author = {Kevin C. Klement},
    title = "{Russell's Paradox --- Internet Encyclopedia of Philosphy}",
    year = "2020",
    url = "{https://www.iep.utm.edu/par-russ/}",
    note = "[Online; accessed 2020-01-04]"
  }
@misc{ iep:SetTheory,
    author = {Daniel Cunningham},
    title = "{Set theory --- Internet Encyclopedia of Philosphy}",
    year = "2019",
    url = "{https://www.iep.utm.edu/set-theo/}",
    note = "[Online; accessed 21-December-2019]"
  }
@misc{ wiki:Set_theory,
    author = "{Wikipedia contributors}",
    title = "Set theory --- {Wikipedia}{,} The Free Encyclopedia",
    year = "2019",
    url = "{https://en.wikipedia.org/w/index.php?title=Set_theory&oldid=931302404}",
    note = "[Online; accessed 21-December-2019]"
  }
@article{Zermelo:1930:SetTheory,
    pages = {29--47},
    title = {\"Uber Grenzzahlen Und Mengenbereiche: Neue Untersuchungen \"Uber Die Grundlagen der Mengenlehre},
    journal = {Fundamenta Mathematic\ae},
    volume = {16},
    author = {Ernst Zermelo},
    year = {1930}
}
@misc{ wiki:LimitCardinal,
    author = "{Wikipedia contributors}",
    title = "Limit cardinal --- {Wikipedia}{,} The Free Encyclopedia",
    year = "2019",
    url = "{https://en.wikipedia.org/w/index.php?title=Limit_cardinal&oldid=924542416}",
    note = "[Online; accessed 20-December-2019]"
  }
@misc{ wiki:RegularCardinal,
    author = "{Wikipedia contributors}",
    title = "Regular cardinal --- {Wikipedia}{,} The Free Encyclopedia",
    year = "2019",
    url = "{https://en.wikipedia.org/w/index.php?title=Regular_cardinal&oldid=924545491}",
    note = "[Online; accessed 20-December-2019]"
  }
  
@misc{ wiki:ConstructibleUniverse,
    author = "{Wikipedia contributors}",
    title = "Constructible universe --- {Wikipedia}{,} The Free Encyclopedia",
    year = "2019",
    url = "{https://en.wikipedia.org/w/index.php?title=Constructible_universe&oldid=928019981}",
    note = "[Online; accessed 20-December-2019]"
  }
@misc{ wiki:InaccessibleCardinal,
    author = "{Wikipedia contributors}",
    title = "Inaccessible cardinal --- {Wikipedia}{,} The Free Encyclopedia",
    year = "2019",
    url = "{https://en.wikipedia.org/w/index.php?title=Inaccessible_cardinal&oldid=924543124}",
    note = "[Online; accessed 20-December-2019]"
  }
  
@misc{ wiki:LimitOrdinal,
    author = "{Wikipedia contributors}",
    title = "Limit ordinal --- {Wikipedia}{,} The Free Encyclopedia",
    year = "2019",
    url = "{https://en.wikipedia.org/w/index.php?title=Limit_ordinal&oldid=924236014}",
    note = "[Online; accessed 20-December-2019]"
  }
  
@misc{wiki:ZornsLemma,
author = "{Wikipedia contributors}",
title = "Zorn's lemma --- {Wikipedia}{,} The Free Encyclopedia",
year = "2019",
url = "{https://en.wikipedia.org/w/index.php?title=Zorn\%27s_lemma&oldid=924574171}",
note = "[Online; accessed 20-December-2019]"
}
@misc{wiki:AxiomOfChoice,
author = "{Wikipedia contributors}",
title = "Axiom of choice --- {Wikipedia}{,} The Free Encyclopedia",
year = "2019",
url = "{https://en.wikipedia.org/w/index.php?title=Axiom_Of_choice&oldid=931239476}",
note = "[Online; accessed 20-December-2019]"
}
@misc{wiki:WellOrderingTheorem,
author = "{Wikipedia contributors}",
title = "Well-ordering theorem --- {Wikipedia}{,} The Free Encyclopedia",
year = "2019",
url = "{https://en.wikipedia.org/w/index.php?title=Well-ordering_theorem&oldid=931579814}",
note = "[Online; accessed 20-December-2019]"
}
@misc{wiki:AxiomOfPowerSet,
author = "{Wikipedia contributors}",
title = "Axiom of power set --- {Wikipedia}{,} The Free Encyclopedia",
year = "2018",
url = "{https://en.wikipedia.org/w/index.php?title=Axiom_Of_power_set&oldid=827923782}",
note = "[Online; accessed 20-December-2019]"
}

@misc{wiki:AxiomOfInfinity,
author = "{Wikipedia contributors}",
title = "Axiom of infinity --- {Wikipedia}{,} The Free Encyclopedia",
year = "2019",
url = "{https://en.wikipedia.org/w/index.php?title=Axiom_Of_infinity&oldid=928430952}",
note = "[Online; accessed 20-December-2019]"
}
@misc{wiki:AxiomOfLimitationOfSize,
author = "{Wikipedia contributors}",
title = "Axiom of limitation of size --- {Wikipedia}{,} The Free Encyclopedia",
year = "2019",
url = "{https://en.wikipedia.org/w/index.php?title=Axiom_Of_limitation_of_size&oldid=931307903}",
note = "[Online; accessed 19-December-2019]"
}
@misc{wiki:BinaryRelation,
author = "{Wikipedia contributors}",
title = "Binary relation --- {Wikipedia}{,} The Free Encyclopedia",
year = "2019",
url = "{https://en.wikipedia.org/w/index.php?title=Binary_relation&oldid=931239479}",
note = "[Online; accessed 19-December-2019]"
}
@misc{wiki:ClassSetTheory,
author = "{Wikipedia contributors}",
title = "Class (set theory) --- {Wikipedia}{,} The Free Encyclopedia",
year = "2019",
url = "{https://en.wikipedia.org/w/index.php?title=Class_(set_theory)&oldid=919478849}",
note = "[Online; accessed 19-December-2019]"
}
@misc{wiki:SubclassSetTheory,
author = "{Wikipedia contributors}",
title = "Subclass (set theory) --- {Wikipedia}{,} The Free Encyclopedia",
year = "2018",
url = "{https://en.wikipedia.org/w/index.php?title=Subclass_(set_theory)&oldid=833190579}",
note = "[Online; accessed 19-December-2019]"
}

@misc{wiki:AxiomSchemaOfReplacement,
author = "{Wikipedia contributors}",
title = "Axiom schema of replacement --- {Wikipedia}{,} The Free Encyclopedia",
year = "2019",
url = "{https://en.wikipedia.org/w/index.php?title=Axiom_Schema_Of_replacement&oldid=931439244}",
note = "[Online; accessed 19-December-2019]"
}
@misc{wiki:AxiomOfUnion,
author = "{Wikipedia contributors}",
title = "Axiom of union --- {Wikipedia}{,} The Free Encyclopedia",
year = "2019",
url = "{https://en.wikipedia.org/w/index.php?title=Axiom_Of_union&oldid=910176249}",
note = "[Online; accessed 19-December-2019]"
}

@misc{wiki:AxiomOfEmptySet,
author = "{Wikipedia contributors}",
title = "Axiom of empty set --- {Wikipedia}{,} The Free Encyclopedia",
year = "2018",
url = "{https://en.wikipedia.org/w/index.php?title=Axiom_Of_empty_set&oldid=860008799}",
note = "[Online; accessed 19-December-2019]"
}

@article{McLarty:2005:MacLane,
author = {Mclarty, Colin},
year = {2005},
month = {10},
pages = {237-251},
title = {Saunders Mac Lane (1909-2005): His Mathematical Life and Philosophical Works},
volume = {13},
journal = {Philosophia Mathematica},
doi = {10.1093/philmat/nki038}
}
@book {MacLane:1986:MathFormFunction,
author = {Mac Lane, Saunders},
title = {Mathematics, form and function},
publisher = {Springer},
ADDRESS = {New York},
year = {1986},
pages = {xi+476},
DOI = {10.1007/978-1-4612-4872-9},
NOTE = {MR:816347. Zbl:0675.00001.},
ISBN = {9780387962177},
}
@article {MacLane:1996:Structure,
author = {Mac Lane, Saunders},
title = {Structure in mathematics},
journal = {Philos. Math. (3)},
Fjournal = {Philosophia Mathematica. Series III},
volume = {4},
number = {2},
year = {1996},
pages = {174--183},
DOI = {10.1093/philmat/4.2.174},
NOTE = {\textit{Mathematical structuralism}.
Issue edited by S. Shapiro.
MR:1397752. Zbl:0905.18001.},
ISSN = {0031-8019},
}

@misc{wiki:OrdinalNumber,
author = "{Wikipedia contributors}",
title = "Ordinal number --- {Wikipedia}{,} The Free Encyclopedia",
year = "2019",
url = "{https://en.wikipedia.org/w/index.php?title=Ordinal_number&oldid=931239506}",
note = "[Online; accessed 20-December-2019]"
}

@misc{wiki:ZermeloSetTheory,
author = "{Wikipedia contributors}",
title = "Zermelo set theory --- {Wikipedia}{,} The Free Encyclopedia",
year = "2019",
url = "{https://en.wikipedia.org/w/index.php?title=Zermelo_set_theory&oldid=922661585}",
note = "[Online; accessed 18-December-2019]"
}

@book{Jech:2003:SetTheory,
author = {Jech, Thomas},
publisher = {Springer},
title = {Set Theory: The Third Millennium Edition},
year = 2003
}

@article{Boolos:1971,
number = {8},
year = {1971},
pages = {215--231},
author = {George Boolos},
title = {The Iterative Conception of Set},
publisher = {Journal of Philosophy Inc},
doi = {10.2307/2025204},
volume = {68},
journal = {Journal of Philosophy}
}

@misc{wiki:AxiomSchemaOfSpecification,
author = "{Wikipedia contributors}",
title = "Axiom schema of specification --- {Wikipedia}{,} The Free Encyclopedia",
year = "2019",
url = "{https://en.wikipedia.org/w/index.php?title=Axiom_Schema_Of_specification&oldid=923003805}",
note = "[Online; accessed 17-December-2019]"
}

@misc{wiki:Urelement,
author = "{Wikipedia contributors}",
title = "Urelement --- {Wikipedia}{,} The Free Encyclopedia",
year = "2019",
url = "{https://en.wikipedia.org/w/index.php?title=Urelement&oldid=926685270}",
note = "[Online; accessed 17-December-2019]"
}

@misc{wiki:Extensionality,
author = "{Wikipedia contributors}",
title = "Extensionality --- {Wikipedia}{,} The Free Encyclopedia",
year = "2018",
url = "{https://en.wikipedia.org/w/index.php?title=Extensionality&oldid=845210930}",
note = "[Online; accessed 17-December-2019]"
}

@misc{wiki:AxiomOfExtensionality,
author = "{Wikipedia contributors}",
title = "Axiom of extensionality --- {Wikipedia}{,} The Free Encyclopedia",
year = "2019",
url = "{https://en.wikipedia.org/w/index.php?title=Axiom_Of_extensionality&oldid=920461522}",
note = "[Online; accessed 17-December-2019]"
}

@misc{wiki:VonNeumannUniverse,
author = "{Wikipedia contributors}",
title = "Von Neumann universe --- {Wikipedia}{,} The Free Encyclopedia",
year = "2019",
url = "{https://en.wikipedia.org/w/index.php?title=Von_Neumann_universe&oldid=925310510}",
note = "[Online; accessed 16-December-2019]"
}

@misc{wiki:AxiomOfPairing,
author = "{Wikipedia contributors}",
title = "Axiom of pairing --- {Wikipedia}{,} The Free Encyclopedia",
year = "2019",
url = "{https://en.wikipedia.org/w/index.php?title=Axiom_Of_pairing&oldid=911516180}",
note = "[Online; accessed 16-December-2019]"
}

@misc{wiki:EpsilonInduction,
author = "{Wikipedia contributors}",
title = "Epsilon-induction --- {Wikipedia}{,} The Free Encyclopedia",
year = "2019",
url = "{https://en.wikipedia.org/w/index.php?title=Epsilon-induction&oldid=924884246}",
note = "[Online; accessed 16-December-2019]"
}
@misc{wiki:AxiomOfRegularity,
author = "{Wikipedia contributors}",
title = "Axiom of regularity --- {Wikipedia}{,} The Free Encyclopedia",
year = "2019",
url = "{https://en.wikipedia.org/w/index.php?title=Axiom_Of_regularity&oldid=929219357}",
note = "[Online; accessed 16-December-2019]"
}

@misc{wiki:NBGSetTheory,
author = "{Wikipedia contributors}",
title = "Von Neumann–Bernays–Gödel set theory --- {Wikipedia}{,} The Free Encyclopedia",
year = "2019",
url = "{https://en.wikipedia.org/w/index.php?title=Von_Neumann-Bernays-G\"{o}del_set_theory&oldid=930497390}",
note = "[Online; accessed 16-December-2019]"
}

@misc{wiki:WellFoundedRelation,
author = "{Wikipedia contributors}",
title = "Well-founded relation --- {Wikipedia}{,} The Free Encyclopedia",
year = "2019",
url = "{https://en.wikipedia.org/w/index.php?title=Well-founded_relation&oldid=925746043}",
note = "[Online; accessed 16-December-2019]"
}

@misc{wiki:HereditarySet,
author = "{Wikipedia contributors}",
title = "Hereditary set --- {Wikipedia}{,} The Free Encyclopedia",
year = "2019",
url = "{https://en.wikipedia.org/w/index.php?title=Hereditary_set&oldid=930519258}",
note = "[Online; accessed 16-December-2019]"
}
@misc{wiki:AxiomOfChoice,
author = "{Wikipedia contributors}",
title = "Axiom of choice --- {Wikipedia}{,} The Free Encyclopedia",
year = "2019",
url = "{https://en.wikipedia.org/w/index.php?title=Axiom_Of_choice&oldid=921159646}",
note = "[Online; accessed 16-December-2019]"
}
@misc{wiki:RussellParadox,
author = "{Wikipedia contributors}",
title = "Russell's paradox --- {Wikipedia}{,} The Free Encyclopedia",
year = "2019",
howpublished ="\url{https://en.wikipedia.org/w/index.php?title=Russell's_paradox&oldid=930211803}",
note = "[Online; accessed 16-December-2019]"
}
@misc{wiki:ZermeloFraenkelSetTheory,
author = "{Wikipedia contributors}",
title = "Zermelo–Fraenkel set theory --- {Wikipedia}{,} The Free Encyclopedia",
year = "2019",
url = "{https://en.wikipedia.org/w/index.php?title=Zermelo-Fraenkel_set_theory&oldid=928168612}",
note = "[Online; accessed 16-December-2019]"
}

@article{Schechter:2001:ConstructivismDifficult,
ISSN = {00029890, 19300972},
URL = {http://www.jstor.org/stable/2695675},
author = {Eric Schechter},
journal = {The American Mathematical Monthly},
number = {1},
pages = {50--54},
publisher = {Mathematical Association of America},
title = {Constructivism Is Difficult},
volume = {108},
year = {2001}
}

@inproceedings{Richman1996InterviewWA,
title={Interview with a constructive mathematician},
author={Fred Richman},
year={1996}
}

@article{Richman:1998:GeneralizedReals,
title = "Generalized real numbers in constructive mathematics",
journal = "Indagationes Mathematicae",
volume = "9",
number = "4",
pages = "595 - 606",
year = "1998",
issn = "0019-3577",
doi = "https://doi.org/10.1016/S0019-3577(98)80037-2",
url = "http://www.sciencedirect.com/science/article/pii/S0019357798800372",
author = "Fred Richman",
abstract = "Two extensions of the real number system, one given by 
uppercuts the other by lowercuts, are developed within a 
constructive framework. The first includes distances to arbitrary 
subsets, the second includes norms of arbitrary bounded linear 
operators. The intuitive meaning of comparing such quantities to 
ordinary real numbers is preserved. Difficulties with encompassing 
both kinds of numbers in a single system are considered."
}

@article{Richman:1999:Existence,
ISSN = {00029890, 19300972},
URL = {http://www.jstor.org/stable/2589553},
author = {Fred Richman},
journal = {The American Mathematical Monthly},
number = {4},
pages = {303--308},
publisher = {Mathematical Association of America},
title = {Existence Proofs},
volume = {106},
year = {1999}
}

@inproceedings{Bridges1999ConstructiveMI,
title={Constructive mathematics in theory and programming practice},
author={Douglas S. Bridges and Steeve Reeves},
year={1999}
}

@inproceedings{Ishihara2006ReverseMI,
title={Reverse Mathematics in Bishop’s Constructive Mathematics},
author={Hajime Ishihara},
year={2006}
}
@inproceedings{Bridges1987VarietiesOC,
title={Varieties of constructive mathematics},
author={Douglas S. Bridges and Fred Richman},
year={1987}
}

@book{BridgesRichman:1987:ConstructiveMathematics, 
place={Cambridge}, 
series={London Mathematical Society Lecture Note Series}, 
title={Varieties of Constructive Mathematics}, 
DOI={10.1017/CBO9780511565663}, 
publisher={Cambridge University Press}, 
author={Bridges, Douglas and Richman, Fred}, 
year={1987}, 
collection={London Mathematical Society Lecture Note Series}}


@article{Grzegorczyk:1955:ComputableFunctionals,
author = {Grzegorczyk, Andrzej},
journal = {Fundamenta Mathematicae},
keywords = {philosophy and foundations of mathematics},
language = {eng},
number = {1},
pages = {168-202},
title = {Computable functionals},
url = {http://eudml.org/doc/213369},
volume = {42},
year = {1955} }

