@misc{ wiki:Mereotopology,
    author = "{Wikipedia contributors}",
    title = "Mereotopology --- {Wikipedia}{,} The Free Encyclopedia",
    year = "2018",
    howpublished = "\url{https://en.wikipedia.org/w/index.php?title=Mereotopology&oldid=863532843}",
    note = "[Online; accessed 3-January-2020]"
  }
