@Book{ sproat-2000,
title = { A computational theory of writing systems },
author = { {Richard William} Sproat },
publisher = { Cambridge University Press },
year = { 2000 },
isbn = { 0521663407 }}

@book{Mazur-2014,
author = {Joseph Mazur},
title = {Enlightening Symbols: A Short History of Mathematical Notation and Its Hidden Powers},
publisher = {Princeton University Press},
year = {2014},
note = {
One of the worst books I've ever read. 
'Stream of consciousness' would imply more structure and conherence.
Like a shuffled stack of notes on scrap paper, typed by a 3rd person. } }